<?xml version="1.0" encoding="UTF-8"?><collection xmlns="http://www.loc.gov/MARC21/slim"><record><leader>00390nam--2200157-i-4500</leader><controlfield tag="001">000017080</controlfield><controlfield tag="002">20161230</controlfield><controlfield tag="005">20170114001941</controlfield><controlfield tag="008">060222s1000------------r-----000-0-eng-d</controlfield><datafield ind1=" " ind2=" " tag="080"><subfield code="a">577.38</subfield></datafield><datafield ind1=" " ind2=" " tag="245"><subfield code="a">Biofizica. Vol.I. Probleme actuale</subfield></datafield><datafield ind1=" " ind2=" " tag="260"><subfield code="a">Bucuresti</subfield><subfield code="b">Edimpex-Speranta</subfield><subfield code="c">1992</subfield></datafield><datafield ind1=" " ind2=" " tag="300"><subfield code="a">180 p</subfield></datafield><datafield ind1=" " ind2=" " tag="700"><subfield code="a">Frangopol, Petre E</subfield></datafield><datafield ind1=" " ind2=" " tag="852"><subfield code="a">79958</subfield></datafield><datafield ind1=" " ind2=" " tag="CAT"><subfield code="a">SYS</subfield><subfield code="c">20170114</subfield><subfield code="h">001941</subfield></datafield></record></collection>